@misc{DS_LSM303C,
author = {STMicroelectronics},
title = {LSM303C | Ultra-compact high-performance eCompass module:
 3D accelerometer and 3D magnetometer},
howpublished = {Available at \url{https://www.st.com/resource/en/datasheet/lsm303c.pdf} (2014/06)}
}