@misc{DS_LSM303C,
author = {STMicroelectronics},
title = {LSM303C | Ultra-compact high-performance eCompass module:
 3D accelerometer and 3D magnetometer},
howpublished = {Available at \url{https://www.st.com/resource/en/datasheet/lsm303c.pdf} (2014/06)}
}

@misc{AN1953,
author = {Microchip},
title = {Introduction to USB Type-Câ„¢},
howpublished = {Available at \url{https://ww1.microchip.com/downloads/en/Appnotes/00001953A.pdf} (2015/01)}
}


@misc{DS_STNS01,
author = {STMicroelectronics},
title = {Datasheet | STNS01PUR | Li-Ion linear battery charger with LDO},
howpublished = {Available at \url{https://www.st.com/resource/en/datasheet/stns01.pdf} (2017/12)}
}


@misc{HC_12_doc,
author = {Wolfgang Ewald},
title = {Beitrag | HC-12 Funkmodul},
howpublished = {Available at \url{https://wolles-elektronikkiste.de/hc-12-funkmodul} (2021/03)}
}


@misc{RF_Modules_Comparison,
author = {Electronoobs},
title = {Which radio module? NRF24, LoRa, CC1101, HC12, 433MHz, HC05},
howpublished = {Available at \url{https://www.youtube.com/watch?v=vxF1N9asjts} (2019/06)}
}


@misc{Vibration_Motors,
author = {Yinan Xia},
title = {That's how big the difference is between vibration motors in smartphones},
howpublished = {Available at \url{https://www.techniknews.net/en/tests/that%27s-how-big-the-difference-is-between-vibration-motors-in-smartphones/} (2021/03)}
}